%0 
%0 Report
%A 1-1, DIN EN 1995
%D 2010
%T Holzbauwerke, Berechnung und Ausführung
%E 
%B 
%C 
%I 
%V 
%6
%N 
%P 
%& 
%Y 
%S 
%7
%8 
%9 
%? 
%! 
%Z 
%@ 
%(
%)
%*
%L
%M


%2 
%3 techreport
%4 
%# Tom
%$ 
%F 
%K 
%X 
%Z 


%+
%^

%0 
%0 Conference Proceedings
%A AG, Sika Österreich
%D 2013
%T Produktdatenblatt:SikaTop-107 Seal
%E 
%B 
%C 
%I 
%V 
%6
%N 
%P 
%& 
%Y 
%S 
%7
%8 
%9
%? 
%! 
%Z 
%@ 
%(
%)
%*
%L
%M


%2 
%3 inproceedings
%4 
%# Tom
%$ 
%F 
%K 
%X 
%Z 


%+
%^

%0 
%0 Conference Proceedings
%A AG, Sika Österreich
%D 2013
%T Produktdatenblatt: SikaForce 7710 L35
%E 
%B 
%C 
%I 
%V 
%6
%N 
%P 
%& 
%Y 
%S 
%7
%8 
%9
%? 
%! 
%Z 
%@ 
%(
%)
%*
%L
%M


%2 
%3 inproceedings
%4 
%# Tom
%$ 
%F 
%K 
%X 
%Z 


%+
%^

%0 
%0 Conference Proceedings
%A AG, Sika Österreich
%D 2013
%T Produktdatenblatt: SikaTop-109 ElastoCem
%E 
%B 
%C 
%I 
%V 
%6
%N 
%P 
%& 
%Y 
%S 
%7
%8 
%9
%? 
%! 
%Z 
%@ 
%(
%)
%*
%L
%M


%2 
%3 inproceedings
%4 
%# Tom
%$ 
%F 
%K 
%X 
%Z 


%+
%^

%0 
%0 Conference Proceedings
%A AG, Sika Österreich
%D 2013
%T Produktdatenblatt: SikaFloor 161
%E 
%B 
%C 
%I 
%V 
%6
%N 
%P 
%& 
%Y 
%S 
%7
%8 
%9
%? 
%! 
%Z 
%@ 
%(
%)
%*
%L
%M


%2 
%3 inproceedings
%4 
%# Tom
%$ 
%F 
%K 
%X 
%Z 


%+
%^

%0 
%0 Conference Proceedings
%A AG, Sika Österreich
%D 2013
%T Produktdatenblatt: SikaDur 31 AUT Normal
%E 
%B 
%C 
%I 
%V 
%6
%N 
%P 
%& 
%Y 
%S 
%7
%8 
%9
%? 
%! 
%Z 
%@ 
%(
%)
%*
%L
%M


%2 
%3 inproceedings
%4 
%# Tom
%$ 
%F 
%K 
%X 
%Z 


%+
%^

%0 
%0 Thesis
%A E., Kirchmayer
%D 2012
%T Beitrag zur Entwicklung von Holz-Holzbeton-Betonverbunddecken
%E 
%B 
%C 
%I TU Wien
%V 
%6
%N 
%P 
%& 
%Y 
%S 
%7
%8 
%9 
%? 
%! 
%Z 
%@ 
%(
%)
%*
%L
%M


%2 
%3 mastersthesis
%4 
%# Tom
%$ 
%F 1
%K 
%X 
%Z 


%+
%^

%0 
%0 Book
%A G., Dr.rer.nat. Habenich
%D 2006
%T Kleben: Grundlagen, Technologien, Anwendungen
%E 
%B 
%C 
%I Springer VDI
%V 
%6
%N 
%P 
%& 
%Y 
%S 
%7 
%8 
%9
%? 
%! 
%Z 
%@ 
%(
%)
%*
%L
%M


%2 
%3 book
%4 
%# Tom
%$ 
%F 
%K 
%X 
%Z 


%+
%^

%0 
%0 Conference Proceedings
%A GesmbH, VELOX Werk
%D 2013
%T Produktdatenblatt: WSD 75
%E 
%B 
%C 
%I 
%V 
%6
%N 
%P 
%& 
%Y 
%S 
%7
%8 
%9
%? 
%! 
%Z 
%@ 
%(
%)
%*
%L
%M


%2 
%3 inproceedings
%4 
%# Tom
%$ 
%F 
%K 
%X 
%Z 


%+
%^

%0 
%0 Conference Proceedings
%A GesmbH, VELOX Werk
%D 2013
%T Produktdatenblatt: WSD 50
%E 
%B 
%C 
%I 
%V 
%6
%N 
%P 
%& 
%Y 
%S 
%7
%8 
%9
%? 
%! 
%Z 
%@ 
%(
%)
%*
%L
%M


%2 
%3 inproceedings
%4 
%# Tom
%$ 
%F 
%K 
%X 
%Z 


%+
%^

%0 
%0 Conference Proceedings
%A intec GmbH, SFS
%D 2013
%T Produktdatenblatt: WR – T d x L
%E 
%B 
%C 
%I 
%V 
%6
%N 
%P 
%& 
%Y 
%S 
%7
%8 
%9
%? 
%! 
%Z 
%@ 
%(
%)
%*
%L
%M


%2 
%3 inproceedings
%4 
%# Tom
%$ 
%F 
%K 
%X 
%Z 


%+
%^

%0 
%0 Conference Proceedings
%A intec GmbH, SFS
%D 2013
%T Produktdatenblatt: TWIN – DU d x L
%E 
%B 
%C 
%I 
%V 
%6
%N 
%P 
%& 
%Y 
%S 
%7
%8 
%9
%? 
%! 
%Z 
%@ 
%(
%)
%*
%L
%M


%2 
%3 inproceedings
%4 
%# Tom
%$ 
%F 
%K 
%X 
%Z 


%+
%^

%0 
%0 Conference Proceedings
%A intec GmbH, SFS
%D 2013
%T Produktdatenblatt: WT – T d x L
%E 
%B 
%C 
%I 
%V 
%6
%N 
%P 
%& 
%Y 
%S 
%7
%8 
%9
%? 
%! 
%Z 
%@ 
%(
%)
%*
%L
%M


%2 
%3 inproceedings
%4 
%# Tom
%$ 
%F 
%K 
%X 
%Z 


%+
%^

%0 
%0 Conference Proceedings
%A intec GmbH, SFS
%D 2013
%T Produktdatenblatt: TWIN – DU d x L Sichel
%E 
%B 
%C 
%I 
%V 
%6
%N 
%P 
%& 
%Y 
%S 
%7
%8 
%9
%? 
%! 
%Z 
%@ 
%(
%)
%*
%L
%M


%2 
%3 inproceedings
%4 
%# Tom
%$ 
%F 
%K 
%X 
%Z 


%+
%^

%0 
%0 Conference Proceedings
%A intec GmbH, SFS
%D 2013
%T Produktdatenblatt: WR – d x L
%E 
%B 
%C 
%I 
%V 
%6
%N 
%P 
%& 
%Y 
%S 
%7
%8 
%9
%? 
%! 
%Z 
%@ 
%(
%)
%*
%L
%M


%2 
%3 inproceedings
%4 
%# Tom
%$ 
%F 
%K 
%X 
%Z 


%+
%^

%0 
%0 Conference Proceedings
%A Gruppe, Mayr-Melnhof Kaufhaus
%D 2013
%T Produktdatenblatt: BSP 118 3s Ind
%E 
%B 
%C 
%I 
%V 
%6
%N 
%P 
%& 
%Y 
%S 
%7
%8 
%9
%? 
%! 
%Z 
%@ 
%(
%)
%*
%L
%M


%2 
%3 inproceedings
%4 
%# Tom
%$ 
%F 
%K 
%X 
%Z 


%+
%^

%0 
%0 Book
%A Heinz D., \& Urbonas L.
%D 2008
%T Holzbau der Zukunft:Teilprojekt 16. Holzbeton
%E 
%B 
%C 
%I Fraunhofer IRB Verlag
%V 
%6
%N 
%P 
%& 
%Y 
%S 
%7 
%8 
%9
%? 
%! 
%Z 
%@ 
%(
%)
%*
%L
%M


%2 
%3 book
%4 
%# Tom
%$ 
%F 3
%K 
%X 
%Z 


%+
%^

%0 
%0 Thesis
%A K., Schernberger
%D 2011
%T Holzspanbeton-Verbunddeccken
%E 
%B 
%C 
%I TU Wien
%V 
%6
%N 
%P 
%& 
%Y 
%S 
%7
%8 
%9 
%? 
%! 
%Z 
%@ 
%(
%)
%*
%L
%M


%2 
%3 mastersthesis
%4 
%# Tom
%$ 
%F 2
%K 
%X 
%Z 


%+
%^

%0 
%0 Book
%A Univ.-Prof. Dr.-Ing. Stefan Winter, Univ.-Prof. Dr.-Ing. Heinrich Kreuzinger, Univ.-Prof. Dr.-Ing. Peter Mestek
%D Jänner ,2013
%T Flächen aus Brettstapeln, Brettsperholz und Verbundkonstruktionen
%E 
%B 
%C 
%I TU München, Lehrstuhl für Holzbau und Baukonstruktionen
%V 
%6
%N 
%P 
%& 
%Y 
%S 
%7 
%8 
%9
%? 
%! 
%Z 
%@ 
%(
%)
%*
%L
%M


%2 
%3 book
%4 
%# Tom
%$ 
%F 
%K 
%X 
%Z 


%+
%^

%0 
%0 Report
%A 
%D 2012
%T DIN EN 408:
%E 
%B 
%C 
%I 
%V 
%6
%N 
%P 
%& 
%Y 
%S 
%7
%8 
%9 
%? 
%! 
%Z 
%@ 
%(
%)
%*
%L
%M


%2 
%3 techreport
%4 
%# Tom
%$ 
%F 
%K 
%X 
%Z 


%+
%^

%0 
%0 Report
%A 
%D 2008
%T DIN EN 923: Klebstoffe - Benennungen und Definitionen
%E 
%B 
%C 
%I 
%V 
%6
%N 
%P 
%& 
%Y 
%S 
%7
%8 
%9 
%? 
%! 
%Z 
%@ 
%(
%)
%*
%L
%M


%2 
%3 techreport
%4 
%# Tom
%$ 
%F 
%K 
%X 
%Z 


%+
%^

%0 
%0 Report
%A 
%D 2008
%T DIN 1052: Entwurf, Berechnung  und Bemessung von Holzbauwerken - Allgemeine Bemessungsregeln für den Hochbau
%E 
%B 
%C 
%I 
%V 
%6
%N 
%P 
%& 
%Y 
%S 
%7
%8 
%9 
%? 
%! 
%Z 
%@ 
%(
%)
%*
%L
%M


%2 
%3 techreport
%4 
%# Tom
%$ 
%F 
%K 
%X 
%Z 


%+
%^

%0 
%0 Report
%A 
%D 1993
%T ÖNORM EN 380 :
Holzbauwerke - Prüfverfahren - Allgemeine Grundsätze für die Prüfung unter statischen Belastungen
%E 
%B 
%C 
%I 
%V 
%6
%N 
%P 
%& 
%Y 
%S 
%7
%8 
%9 
%? 
%! 
%Z 
%@ 
%(
%)
%*
%L
%M


%2 
%3 techreport
%4 
%# Tom
%$ 
%F 
%K 
%X 
%Z 


%+
%^

